% This file was created with JabRef 2.6.
% Encoding: Cp1252

@STRING{AMF = {Applied Mathematical Finance}}

@STRING{IJTAF = {International Journal of Theoretical and Applied Finance}}

@STRING{JFI = {Journal of Fixed Income}}

@STRING{JoR = {The Journal of Risk}}

@STRING{RM = {Risk}}

@STRING{WJ = {Wilmott Journal}}

@STRING{WM = {Wilmott Magazine}}

@BOOK{OKS.1992.1,
  title = {Stochastic differential equations},
  publisher = {Springer-Verlag},
  year = {1992},
  author = {{\O}ksendal, Bernt},
  series = {Universitext},
  edition = {Third},
  isbn = {3-540-53335-4}
}

@TECHREPORT{AHW.2005.1,
  author = {Ahmad, Riaz and Wilmott, Paul},
  title = {Which Free Lunch Would You Like Today, Sir?: Delta hedging, volatility
	arbitrage and optimal portfolios},
  institution = {Working Paper},
  year = {2005}
}

@TECHREPORT{AMB.2009.1,
  author = {Ametrano, Ferdinando and Bianchetti, Marco},
  title = {Bootstrapping the illiquidity: multiple yield curves construction
	for market coherent forward rates estimation},
  institution = {Banca IMI/Banca IntesaSanpaolo},
  year = {2009},
  type = {Working paper},
  note = {Available at SSRN: http://ssrn.com/abstract=1371311}
}

@TECHREPORT{AMI.2010.1,
  author = {Amin, Ahsan},
  title = {Calibration, Simulation and Hedging in a Heston Libor Market Model
	with Stochastic Basis.},
  institution = {SSRN},
  year = {2010},
  type = {Working Paper Series},
  number = {1704415},
  month = {November},
  owner = {marc},
  timestamp = {2010.11.13}
}

@ARTICLE{ANA.2002.1,
  author = {Andersen, L. and Andreasen, J.},
  title = {Volatile volatilities},
  journal = RM,
  year = {2002},
  volume = {15},
  pages = {163--168},
  number = {12}
}

@ARTICLE{ANA.2001.1,
  author = {Andersen, Leif and Andreasen, Jesper},
  title = {Factor dependence of Bermudan swaptions: fact or fiction?},
  journal = {Journal of Financial Economics},
  year = {2001},
  volume = {62},
  pages = {3--37},
  number = {1}
}

@ARTICLE{ANA.2000.1,
  author = {Andersen, L. and Andreasen, J.},
  title = {Volatility skews and extensions of the Libor Market Model},
  journal = AMF,
  year = {2000},
  volume = {7},
  pages = {1--32},
  month = {March}
}

@TECHREPORT{ANB.2001.1,
  author = {Andersen, L. and Brotherton-Ratcliff, R.},
  title = {Extended {L}ibor market models with stochastic volatility},
  institution = {Bank of America Securities},
  year = {2001},
  type = {Working paper}
}

@BOOK{API.2010.1,
  title = {Interest Rate Modeling: volume {III} Products and risk management},
  publisher = {Atlantic Financial Press},
  year = {2010},
  author = {Andersen, Leif and Piterbarg, Vladimir},
  owner = {marc},
  timestamp = {2011.06.06}
}

@TECHREPORT{AND.1999.1,
  author = {Andersen, Leif B.G.},
  title = {A Simple Approach to the Pricing of Bermudan Swaptions in the Multi-Factor
	Libor Market Model},
  institution = {SSRN},
  year = {1999},
  type = {Working Paper Series},
  number = {155208},
  note = {Available at SSRN: http://ssrn.com/abstract=155208}
}

@TECHREPORT{ANM.2008.1,
  author = {Antonov, A. and Misirpashaev, T.},
  title = {Projection on a Quadratic Model by Asymptotic Expansion with an Application
	to {LMM} Swaption},
  institution = {SSRN},
  year = {2008},
  type = {Working Paper Series},
  number = {1421139},
  note = {Available at SSRN: http://ssrn.com/abstract=1421139}
}

@TECHREPORT{ANM.2006.1,
  author = {Antonov, A. and Misirpashaev, T.},
  title = {Markovian Projection onto a displaced diffusion: generic formulas
	with applications},
  institution = {SSRN},
  year = {2006},
  type = {Working Paper Series},
  number = {937860},
  note = {Available at SSRN: http://ssrn.com/abstract=937860}
}

@TECHREPORT{ANA.2009.1,
  author = {Antonov, Alexandre V. and Arneguy, Matthieu},
  title = {Analytical formulas for pricing {CMS} products in the {L}ibor {M}arket
	{M}odel with stochastic volatility},
  institution = {Numerix},
  year = {2009},
  type = {Working paper}
}

@ARTICLE{ADE.1999.1,
  author = {Artzner, P. and Delbaen, F. and Eber, J.M. and Heath, D.},
  title = {Coherent measures of risk},
  journal = {Mathematical Finance},
  year = {1999},
  volume = {9},
  pages = {203--228}
}

@ARTICLE{AYA.2006.1,
  author = {Ayache, Elie},
  title = {The irony in the variance swap},
  journal = WM,
  year = {2006},
  pages = {16--23},
  month = {September}
}

@ARTICLE{BAR.2006.1,
  author = {Bartlett, B.},
  title = {Hedging under the SABR model},
  journal = WM,
  year = {2006},
  pages = {2--4},
  month = {July--August}
}

@ARTICLE{BAV.2006.1,
  author = {Baviera, Roberto},
  title = {Bond Market Model},
  journal = IJTAF,
  year = {2006},
  volume = {9},
  pages = {577-596},
  number = {4}
}

@TECHREPORT{BAG.2006.1,
  author = {Baviera, R. and Giada, L.},
  title = {Perturbative approach to {B}ermudan options pricing},
  institution = {SSRN},
  year = {2006},
  type = {Working Paper},
  number = {941318}
}

@TECHREPORT{BBK.2004.1,
  author = {Belgrade, N. and Benhamou, E. and Koehler, E.},
  title = {A market model for inflation},
  institution = {CDS Ixis-CM},
  year = {2004}
}

@TECHREPORT{BDK.2008.1,
  author = {Benaim, Shalom and Dodgson, Matthew and Kainth, Dherminder},
  title = {An arbitrage-free method for smile extrapolation},
  institution = {Royal Bank of Scotland},
  year = {2008},
  owner = {marc},
  timestamp = {2011.04.21}
}

@TECHREPORT{BEN.2000.1,
  author = {Benhamou, Eric},
  title = {A Martingale Result for convexity adjustment in the {B}lack ricing
	model},
  institution = {London School of Economics},
  year = {2000}
}

@TECHREPORT{BEK.2005.1,
  author = {Bennett, Michael N. and Kennedy, Joanne E.},
  title = {A Comparison of Markv-Functional and Maket Model: The one-dimensional
	case},
  institution = {University of Warwick},
  year = {2005},
  number = {05-11},
  series = {CRiSM Paper}
}

@ARTICLE{BEN.2001.1,
  author = {Bennett, Oliver},
  title = {{R}einventing {R}aroc},
  journal = {Risk},
  year = {2001},
  volume = {14},
  pages = {112--113},
  number = {9},
  month = {September}
}

@ARTICLE{BER.2004.1,
  author = {Berrahoui, Mourad},
  title = {Pricing {CMS} spread options and digital {CMS} spread options with
	smile},
  journal = WM,
  year = {2004},
  pages = {63--69}
}

@TECHREPORT{BIA.2009.1,
  author = {Bianchetti, Marco},
  title = {Two curves, one price: pricing and hedging interest rate derivatives
	decoupling forwarding and discounting yield curves},
  institution = {Banca Intesa San Paolo},
  year = {2009},
  note = {Available at SSRN: http://ssrn.com/abstract=1334356}
}

@ARTICLE{BIC.1997.1,
  author = {Bick, Avi},
  title = {Two closed-form formulas for the futures price in the presence of
	quality option},
  journal = {European Finance Review},
  year = {1997},
  volume = {1},
  pages = {81--104}
}

@TECHREPORT{BIS.2005.1,
  author = {BIS},
  title = {Foreign exchange and derivative market activity in 2004},
  institution = {BIS},
  year = {2005},
  type = {Triennial Central Bank Survey},
  month = {March}
}

@ARTICLE{BLS.1973.1,
  author = {Black, Ficher and Scholes, Myron},
  title = {The pricing of options and corporate liabilities},
  journal = {Journal of Political Economy},
  year = {1973},
  volume = {81},
  pages = {637--654}
}

@TECHREPORT{BOS.2003.1,
  author = {Boenkost, Wolfram and Schmidt, Wolfgang},
  title = {Notes on convexity and quanto adjustments for interest rates and
	related options},
  institution = {Hochschule fur Bankwirtschaft, Frankfurt},
  year = {2003},
  month = {October}
}

@TECHREPORT{BGL.1999.2,
  author = {Bossy, M. and Gibson, R. and Lhabitant, L. S. and Pistre, N. and
	Talay, D.},
  title = {Model risk analysis for bond options in a {H}eath-{J}arrow-{M}orton
	framework},
  institution = {E.T.H. Z\"urich},
  year = {1999}
}

@TECHREPORT{BGL.1999.1,
  author = {Boyer, Brian H. and Gibson, Michael S. and Lorentan, Mico},
  title = {Pitfalls in test for changes in correlations},
  institution = {Federal Reserve Board},
  year = {1999},
  type = {IFS Discussion paper},
  number = {597R},
  month = {March}
}

@TECHREPORT{BRA.1998.1,
  author = {Brace, Alan.},
  title = {Futures factors},
  institution = {National Australia Bank},
  year = {1998},
  type = {{FMMA} Notes},
  month = {March}
}

@TECHREPORT{BRA.1998.2,
  author = {Brace, Alan.},
  title = {Australian Futures Delivery},
  institution = {National Australia Bank},
  year = {1998},
  type = {{FMMA} Notes},
  month = {May}
}

@ARTICLE{BGM.1997.1,
  author = {Brace, Alan and G\c{a}tarek, Dariusz and Musiela, Marek},
  title = {The Market Model of Interest rate dynamics},
  journal = {Mathematical Finance},
  year = {1997},
  volume = {7},
  pages = {127--154}
}

@TECHREPORT{BRK.2000.1,
  author = {Breuer, Thomas and Krenn, Gerald},
  title = {Identifying Stress Test Scenarios},
  institution = {Oesterreichische Nationalbank},
  year = {2000}
}

@ARTICLE{BMR.2004.1,
  author = {Brigo, D. and Mercurio F. and Rapisarda, F.},
  title = {Smile at uncertainty},
  journal = RM,
  year = {2004},
  month = {May}
}

@BOOK{BRM.2006.1,
  title = {Interest Rate Models, Theory and Practice},
  publisher = {Springer},
  year = {2006},
  author = {Brigo, Damiano and Mercurio, Fabio},
  series = {Springer Finance},
  edition = {Second}
}

@BOOK{BRM.2001.1,
  title = {Interest Rate Models, Theory and Practice},
  publisher = {Springer},
  year = {2001},
  author = {Brigo, Damiano and Mercurio, Fabio},
  series = {Springer Finance}
}

@ARTICLE{BRH.2004.1,
  author = {Brody, D. C. and Hughston, L. P.},
  title = {Chaos and coherence: a new framework for interest-rate modelling},
  journal = {Proc.\ R.\ Soc.\ Lond.\ A.},
  year = {2004},
  volume = {460},
  pages = {85--110}
}

@INBOOK{BRI.1993.1,
  chapter = {Yield Curve Application of Swap Products},
  title = {Advanced Strategies in financial Risk Management},
  publisher = {New York Institute of Finance},
  year = {1997},
  author = {Brotherton-Ratcliffe, R. and Iben, B.}
}

@MASTERSTHESIS{BRY.2005.1,
  author = {Bryczek, Renata},
  title = {The {H}eath-{J}arrow-{M}orton model of valuing derivatives},
  school = {Jagiellonian University},
  year = {2005},
  address = {Cracow}
}

@BOOK{BBL.2005.1,
  title = {The Treasury Bond Basis},
  publisher = {McGraw-Hill},
  year = {2005},
  author = {Burghardt, Galen D. and Belton, Terrence M. and Lane, Morton and
	Papa, John},
  series = {Library of investment and finance},
  edition = {Third}
}

@ARTICLE{CAZ.2001.1,
  author = {Cakici, Nusret and Zhu, Jintao},
  title = {Pricing eurodollar futures options with the Heath-Jarrow-Morton model},
  journal = {The Journal of Futures Markets},
  year = {2001},
  volume = {21},
  pages = {655-680},
  number = {7}
}

@TECHREPORT{CAC.1997.1,
  author = {Carr, Peter and Chen, Ren-Raw},
  title = {Valuing bond futures and the quality option},
  year = {1997}
}

@ARTICLE{CAR.1994.1,
  author = {Carverhill, Andrew},
  title = {When is the short rate {M}arkovian},
  journal = {Mathematical Finance},
  year = {1994},
  volume = {4},
  pages = {305--312},
  number = {4}
}

@BOOK{CEL.????.1,
  title = {The dark side of Risk Management},
  publisher = {FT Prentice Hall},
  year = {????},
  author = {Celati, Luca}
}

@TECHREPORT{CHS.2009.1,
  author = {Chibane, Messaoud and Sheldon, Guy},
  title = {Building curves on a good basis},
  institution = {Shinsei Bank},
  year = {2009},
  note = {Available at SSRN: http://ssrn.com/abstract=1394267}
}

@BOOK{CLA.2011.1,
  title = {Foreign exchange option pricing},
  publisher = {Wiley Finance},
  year = {2011},
  author = {Clark, Iain J.},
  owner = {marc},
  timestamp = {2011.06.14}
}

@ARTICLE{DAG.2005.1,
  author = {Daniluk, A. and G\c{a}tarek, Dariusz},
  title = {A fully log-normal {L}ibor market model},
  journal = RM,
  year = {2005},
  volume = {18},
  pages = {115--118},
  number = {9},
  month = {September}
}

@INCOLLECTION{DAV.2000.1,
  author = {Davis, Mark},
  title = {Mathematics of financial markets},
  booktitle = {{M}athematics {U}nlimited--2001 and beyond},
  publisher = {Springer},
  year = {2000},
  editor = {Engquist, Bj\"orn and Schmid, Wilfried},
  pages = {361--380}
}

@BOOK{DEW.2008.1,
  title = {{E}xotic {O}ptions {T}rading},
  publisher = {Wiley},
  year = {2008},
  author = {De Weert, Frans},
  series = {Finance Series}
}

@BOOK{DDM.2004.1,
  title = {Inflation-indexed securities: Bonds, Swaps and Other Derivatives},
  publisher = {Wiley},
  year = {2004},
  author = {Deacon, Mark and Derry, Andrew and Mirfendereski, Dariush},
  series = {Finance Series}
}

@TECHREPORT{DMO.2005.1,
  author = {{Debt Management Office}},
  title = {Formulae for calculating {G}ilt prices from yields},
  institution = {Debt Management Office},
  year = {2005},
  month = {March},
  note = {3rd edition: 16 March 2005},
  owner = {marc},
  timestamp = {2011.06.03}
}

@ARTICLE{DEK.1994.1,
  author = {Derman, Emmanuel and Kani, I.},
  title = {Riding on a smile},
  journal = RM,
  year = {1994},
  volume = {7},
  pages = {32--39},
  number = {2}
}

@ARTICLE{DKM.2003.1,
  author = {Driessen, Joost and Klaassen, Pieter and Melenberg, Bertrand},
  title = {The performance of multi-factor term structure models for pricing
	and hedging caps and swaptions},
  journal = {Journal of Financial and Quantitative Analysis},
  year = {2003},
  volume = {38},
  pages = {635--672}
}

@ARTICLE{DUP.1994.1,
  author = {Dupire, Bruno},
  title = {Pricing with a smile},
  journal = RM,
  year = {1994},
  volume = {7},
  pages = {18--20},
  number = {1},
  note = {Reprinted in Derivative Pricing:The Classical Collection, Risk Books
	(2004).}
}

@BOOK{EMB.1997.1,
  title = {Modelling of Extremal Events for Insurance and Finance},
  publisher = {Springer},
  year = {1997},
  author = {Embrechts, Paul},
  address = {Berlin}
}

@TECHREPORT{ERM.2005.1,
  author = {Errais, Eymen and Mercurio, Fabio},
  title = {Yes, Libor Models can capture Interest rate derivatives skew: a simple
	modelling approach},
  institution = {SSRN},
  year = {2005},
  type = {Working paper},
  number = {680621},
  month = {February},
  note = {Available at SSRN: http://ssrn.com/abstract=680621}
}

@BOOK{EKL.1996.1,
  title = {Value at Risk: vers un Risk Management Moderne},
  publisher = {De Boeck universit\'e},
  year = {1996},
  author = {Esch and Kieffer and Lopez},
  series = {Comptabilit\'e, contr\^ole et finance}
}

@ARTICLE{FGR.2007.1,
  author = {Fan, Rong and Gupta, Anurag and Ritchken, Peter},
  title = {On pricing and hedging in the swaption market: how many factors,
	really?},
  journal = {Journal of Derivatives},
  year = {2007},
  volume = {15},
  pages = {9--33},
  number = {1}
}

@ARTICLE{FIG.1999.1,
  author = {Figlewski, Stephen and Green, Clifton T.},
  title = {Market risk and model risk for financial institutions writing options},
  journal = {Journal of Finance},
  year = {1999},
  volume = {54},
  pages = {1465-1499},
  number = {4},
  note = {Reprinted in \emph{Model Risk: concepts, calibration and pricing},
	Risk books, 2000.}
}

@TECHREPORT{FOR.1999.1,
  author = {Forbes, Kristin and Rogobon, Roberto},
  title = {No contagion, only interdependence: measuring stock market co-movements.},
  institution = {National Bureau of Economic Research},
  year = {1999},
  type = {Working paper},
  number = {7267}
}

@BOOK{FPS.2000.1,
  title = {Derivatives in financial markets with stochastic volatility},
  publisher = {Cambridge University Press},
  year = {2000},
  author = {Fouque, J.-P. and Papanicolaou, G. and Sircar, K. R}
}

@ARTICLE{FU.1996.1,
  author = {Fu, Qiang},
  title = {On the valuation of an option to exchange one interest rate for another},
  journal = {Journal of Banking and Finance},
  year = {1996},
  volume = {20},
  pages = {645--653},
  number = {4}
}

@TECHREPORT{GAT.2005.1,
  author = {G\c{a}tarek, Dariusz},
  title = {Nonparametric calibration of forward rate models},
  institution = {NumeriX},
  year = {2005}
}

@TECHREPORT{GAT.2003.1,
  author = {G\c{a}tarek, Dariusz},
  title = {{LIBOR} market model with stochastic volatility},
  institution = {SSRN},
  year = {2003},
  type = {Working Paper},
  number = {359001},
  note = {Available at http://ssrn.com/abstract=359001}
}

@BOOK{GBM.2006.1,
  title = {The {LIBOR} {M}arket {M}odel in practice},
  publisher = {Wiley},
  year = {2006},
  author = {G\c{a}tarek, Dariusz and Bachert, Przemyslaw and Maksymiuk, Robert},
  series = {Finance Series}
}

@INBOOK{GAH.1997.1,
  chapter = {Numerical option pricing using conditioned diffusions},
  title = {Mathematics of Derivatives Securities},
  publisher = {Cambridge University Press},
  year = {1997},
  author = {Gandhi, S.\ K. and Hunt, P.\ J.}
}

@BOOK{GAT.2006.1,
  title = {The {V}olatility {S}urface: a {P}ractitioner's {G}uide},
  publisher = {Wiley},
  year = {2006},
  author = {Gatheral, J.},
  series = {Finance Series}
}

@TECHREPORT{GAT.2004.1,
  author = {Gatheral, J.},
  title = {A {P}arsimonious {A}rbitrage-{F}ree {I}mplied {V}olatility {P}arameterization
	with {A}pplication to the {V}aluation of {V}olatility {D}erivatives},
  institution = {Merril Lynch},
  year = {2004},
  month = {May},
  note = {Available at \url{http://www.math.nyu.edu/fellows_fin_math/gatheral/madrid2004.pdf}}
}

@ARTICLE{GIP.2000.1,
  author = {Gibson, Michael and Pritsker, M.},
  title = {Improving grid-point methods for estimating value at risk of fixed
	income portfolios},
  journal = JoR,
  year = {2000},
  volume = {3},
  pages = {65--89},
  number = {2}
}

@ARTICLE{GLP.1999.1,
  author = {Gibson, R. and Lhabitant, L. S. and Pistre, N. and Talay, D.},
  title = {Interest rate model risk: an overview},
  journal = JoR,
  year = {1999},
  volume = {1},
  pages = {37--62},
  number = {3}
}

@ARTICLE{GRM.2005.1,
  author = {Grieves, Robin and Marcus, Alan J.},
  title = {Delivery option and Treasury-bond futures hedge ratios},
  journal = {Journal of Derivatives},
  year = {2005},
  pages = {70--76},
  month = {Winter}
}

@ARTICLE{HKL.2002.1,
  author = {Hagan, Patrick and Kumar, Deep and Lesniewski, Andrew and Woodward,
	Diana},
  title = {Managing smile risk},
  journal = WM,
  year = {2002},
  volume = {Sep},
  pages = {84--108}
}

@UNPUBLISHED{HAG.????.1,
  author = {Hagan, Patrick S.},
  title = {Methodology for callable swaps and {B}ermudan exercise into swaptions},
  note = {???},
  year = {????}
}

@ARTICLE{HAG.2003.1,
  author = {Hagan, Patrick S.},
  title = {Convexity conundrums: Pricing {CMS} Swaps, Caps, and Floors},
  journal = WM,
  year = {2003},
  pages = {38--44},
  month = {March}
}

@ARTICLE{HAW.1999.1,
  author = {Hagan, Patrick S. and Woodward, Diana E.},
  title = {Equivalent {B}lack volatilities},
  journal = {Appl. Math. Finance},
  year = {1999},
  volume = {6},
  pages = {147--157}
}

@TECHREPORT{HAN.2010.1,
  author = {Pierre Hanton},
  title = {Derivative Tenor Curves: Libor products},
  year = {2010},
  timestamp = {2010.08.18}
}

@INPROCEEDINGS{HAH.2010.1,
  author = {Hanton, Pierre and Henrard, Marc},
  title = {{CMS} spread options in multi-factor {HJM} framework},
  booktitle = {Proceedings of the Actuarial and Financial Mathematics Conference
	2010 (Brussels)},
  year = {2010},
  owner = {enram},
  timestamp = {2010.11.04}
}

@TECHREPORT{HAH.2010.1-WP,
  author = {Hanton, Pierre and Henrard, Marc},
  title = {{CMS} spread options in multi-factor {HJM} framework},
  institution = {SSRN},
  year = {2010},
  type = {Working paper series},
  number = {1604389},
  owner = {marc},
  timestamp = {2010.11.13}
}

@TECHREPORT{HAH.2009.1,
  author = {Hanton, Pierre and Henrard, Marc},
  title = {Interest rate derivatives pricing with tenor curves},
  institution = {Dexia},
  year = {2009},
  type = {{Q}uantitative {M}odelling {B}russels},
  month = {March}
}

@ARTICLE{HJM.1992.1,
  author = {Heath, David and Jarrow, Robert and Morton, Andrew},
  title = {Bond pricing and the term structure of interest rates: a new methodology
	for contingent claims valuation},
  journal = {Econometrica},
  year = {1992},
  volume = {60},
  pages = {77-105},
  number = {1},
  month = {January}
}

@ARTICLE{HEM.1990.1,
  author = {Hemler, Michael L.},
  title = {The quality delivery option in {T}reasury bond futures contracts},
  journal = {The Journal of Finance},
  year = {1990},
  volume = {45},
  pages = {1565--1586},
  number = {5}
}

@ARTICLE{HEN.2010.1,
  author = {Marc Henrard},
  title = {Swaptions in {L}ibor {M}arket {M}odel with local volatility},
  journal = WJ,
  year = {2010},
  volume = {2},
  pages = {135--154},
  number = {3},
  note = {Preprint available at http://ssrn.com/abstract=1098420.}
}

@ARTICLE{HEN.2010.2,
  author = {Marc Henrard},
  title = {The Irony in the derivatives discounting Part {II}: the crisis},
  journal = WJ,
  year = {2010},
  volume = {2},
  pages = {301-316},
  number = {6},
  month = {December},
  note = {Preprint available at SSRN: http://ssrn.com/abstract=1433022.}
}

@TECHREPORT{HEN.2010.3,
  author = {Henrard, Marc},
  title = {Cash-Settled Swaptions: How Wrong are We?},
  institution = {OpenGamma},
  year = {2010},
  note = {Available at SSRN: http://ssrn.com/abstract=1703846},
  owner = {marc},
  timestamp = {2011.05.23}
}

@TECHREPORT{HEN.2009.1,
  author = {Henrard, Marc},
  title = {The Irony in the derivatives discounting Part {II}: the crisis},
  institution = {SSRN},
  year = {2009},
  type = {Working Paper Series},
  month = {July},
  note = {Available at SSRN: http://ssrn.com/abstract=1433022}
}

@TECHREPORT{HEN.2009.2,
  author = {Henrard, Marc},
  title = {Efficient swaptions price in Hull-White one factor model },
  institution = {arXiv},
  year = {2009},
  type = {Quantitative Finance},
  note = {Available at arXiv: http://arxiv.org/abs/0901.1776},
  mumber = {arXiv:0901.1776}
}

@TECHREPORT{HEN.2009.3,
  author = {Henrard, Marc},
  title = {Swaptions in {L}ibor {M}arket {M}odel with local volatility},
  institution = {SSRN},
  year = {2009},
  type = {Working Paper},
  number = {1098420},
  note = {Available at http://ssrn.com/abstract=1098420.}
}

@TECHREPORT{HEN.2008.1,
  author = {Henrard, Marc},
  title = {{CMS} swaps and caps in one-factor Gaussian models},
  institution = {SSRN},
  year = {2008},
  type = {Working Paper},
  number = {985551},
  month = {February},
  note = {Available at http://ssrn.com/abstract=985551}
}

@TECHREPORT{HEN.2008.2,
  author = {Henrard, Marc},
  title = {Bermudan Swaptions in {G}aussian {HJM} One-Factor Model: Analytical
	and Numerical Approaches},
  institution = {SSRN},
  year = {2008},
  type = {Working Paper},
  number = {1287982},
  note = {Available at http://ssrn.com/abstract=1287982}
}

@TECHREPORT{HEN.WP.9,
  author = {Henrard, Marc},
  title = {Swaptions in {L}ibor {M}arket {M}odel with local volatility},
  institution = {SSRN},
  year = {2008},
  type = {Working Paper},
  number = {1098420},
  note = {Available at http://ssrn.com/abstract=1098420}
}

@ARTICLE{HEN.2007.1,
  author = {Marc Henrard},
  title = {Skewed {L}ibor {M}arket {M}odel and {G}aussian {HJM} explicit approaches
	to rolled deposit options},
  journal = JoR,
  year = {2007},
  volume = {9},
  number = {4},
  note = {Preprint available at SSRN: http://ssrn.com/abstract=956849.}
}

@TECHREPORT{HEN.2007.1-WP,
  author = {Marc Henrard},
  title = {Skewed Libor Market Model and {G}aussian {HJM} explicit approaches
	to rolled deposit options},
  institution = {SSRN},
  year = {2007},
  type = {Working paper},
  number = {956849},
  month = {January},
  note = {Available at SSRN: http://ssrn.com/abstract=956849.}
}

@ARTICLE{HEN.2007.2,
  author = {Marc Henrard},
  title = {The Irony in the derivatives discounting},
  journal = WM,
  year = {2007},
  pages = {92--98},
  month = {July},
  anote = {Preprint available at SSRN: http://ssrn.com/abstract=956849.}
}

@TECHREPORT{HEN.2007.3,
  author = {Henrard, Marc},
  title = {Libor Market Model with local volatility},
  institution = {SSRN},
  year = {2007},
  type = {Working Paper Series},
  month = {June},
  note = {Available at SSRN: http://ssrn.com/abstract=1098420}
}

@ARTICLE{HEN.2006.1,
  author = {Henrard, Marc},
  title = {A semi-explicit approach to {C}anary swaptions in {HJM} one-factor
	model},
  journal = AMF,
  year = {2006},
  volume = {13},
  pages = {1--18},
  number = {1},
  month = {March},
  note = {Preprint available at IDEAS: http://ideas.repec.org/p/wpa/wuwpfi/0310008.html.}
}

@ARTICLE{HEN.2006.2,
  author = {Henrard, Marc},
  title = {Tips options on the {J}arrow-{Y}ildirim model},
  journal = RM,
  year = {2006},
  volume = {19},
  pages = {??--??},
  number = {3},
  month = {March}
}

@ARTICLE{HEN.2006.3,
  author = {Marc Henrard},
  title = {Bonds futures and their options: more than the cheapest-to-deliver;
	quality option and marginning},
  journal = JFI,
  year = {2006},
  volume = {16},
  pages = {62--75},
  number = {2},
  month = {Fall}
}

@TECHREPORT{HEN.2006.3-WP,
  author = {Marc Henrard},
  title = {Bonds futures and their options: more than the cheapest-to-deliver;
	quality option and marginning},
  institution = {SSRN},
  year = {2006},
  type = {Working paper},
  number = {881741},
  month = {January},
  note = {Available at SSRN: http://ssrn.com/abstract=881741.},
  submitted = {BIS working paper}
}

@TECHREPORT{HEN.2006.4,
  author = {Henrard, Marc},
  title = {Bond futures: {D}elta? {N}o gamma!},
  institution = {SSRN},
  year = {2006},
  type = {Working paper},
  number = {912222},
  month = May,
  note = {Available at SSRN: http://ssrn.com/abstract=912222.}
}

@TECHREPORT{HEN.WP.8,
  author = {Henrard, Marc},
  title = {Explicit european swaption pricing in a separable one-factor Libor
	Market Mode},
  institution = {BIS},
  year = {2006},
  type = {{Q}uantitative {R}esearch working paper},
  month = {June}
}

@ARTICLE{HEN.2005.1,
  author = {Henrard, Marc},
  title = {Swaptions: 1 Price, 10 Deltas, and \ldots 6 1/2 Gammas},
  journal = WM,
  year = {2005},
  pages = {48--57},
  month = {November}
}

@BOOKLET{HEN.2005.2,
  title = {{V}alue-at-{R}isk: the delta-normal approach},
  author = {Henrard, Marc},
  howpublished = {Economics Working Paper Archive -- Finance},
  year = {2005},
  number = {0509001}
}

@TECHREPORT{HEN.2005.3,
  author = {Henrard, Marc},
  title = {Eurodollar Futures and Options: Convexity Adjustment in {HJM} One-Factor
	Model},
  institution = {SSRN},
  year = {2005},
  type = {Working paper},
  number = {682343},
  month = {March},
  note = {Available at SSRN: http://ssrn.com/abstract=682343.}
}

@TECHREPORT{HEN.WP.2,
  author = {Henrard, Marc},
  title = {Bermudan swaptions in {H}ull-{W}hite one-factor model: analytical
	and numerical approaches},
  institution = {Economics Working Paper Archive},
  year = {2005},
  type = {Ewp-fin},
  number = {0505023}
}

@TECHREPORT{HEN.WP.3,
  author = {Henrard, Marc},
  title = {Convexity adjustment and delivery option in {A}ustralian dollar 90
	day bills futures},
  institution = {Economics Working Paper Archive},
  year = {2005},
  type = {Ewp-fin},
  number = {05?????}
}

@TECHREPORT{HEN.WP.4,
  author = {Marc Henrard},
  title = {{L}ibor {M}arket {M}odel and {G}aussian {HJM} explicit approaches
	to option on composition},
  institution = {SSRN},
  year = {2005},
  type = {Working Paper},
  number = {888484},
  month = {November},
  note = {Available at http://ssrn.com/abstract=888484},
  submitted = {Jounal of risk}
}

@TECHREPORT{HEN.2004.1,
  author = {Henrard, Marc},
  title = {Semi-explicit Delta and Gamma for {E}uropean swaptions in {H}ull-{W}hite
	one-factor model},
  institution = {Economics Working Paper Archive},
  year = {2004},
  type = {Ewp-fin},
  number = {0411036}
}

@TECHREPORT{HEN.2004.2,
  author = {Henrard, Marc},
  title = {Overnight Indexed Swaps and Floored Compounded Instrument in {HJM}
	one-factor model},
  institution = {Economics Working Paper Archive},
  year = {2004},
  type = {Ewp-fin},
  number = {0402008}
}

@ARTICLE{HEN.2003.1,
  author = {Henrard, Marc},
  title = {Explicit bond option and swaption formula in {H}eath-{J}arrow-{M}orton
	one-factor model},
  journal = IJTAF,
  year = {2003},
  volume = {6},
  pages = {57--72},
  number = {1},
  month = {February}
}

@TECHREPORT{HEN.2003.2,
  author = {Henrard, Marc},
  title = {Parameter risk in Black and Scholes model},
  institution = {Economics Working Paper Archive},
  year = {2003},
  type = {Ewp-fin},
  number = {0310002}
}

@TECHREPORT{HEN.2006.1-WP,
  author = {Henrard, Marc},
  title = {A semi-explicit approach to {C}anary swaptions in {HJM} one-factor
	model},
  institution = {Economics Working Paper Archive},
  year = {2003},
  type = {Finance},
  number = {0310008}
}

@TECHREPORT{HEN.2002.1,
  author = {Henrard, Marc},
  title = {Currency basket as asset or base currency in {V}alue-at-{R}isk computation},
  institution = {Bank for International Settlements},
  year = {2002},
  type = {{BIS} banking paper},
  number = {11}
}

@ARTICLE{HEN.2000.3,
  author = {Henrard, Marc},
  title = {Comparison of cashflow maps for value-at-risk},
  journal = JoR,
  year = {2000},
  volume = {3},
  pages = {57--71},
  number = {1}
}

@ARTICLE{HES.1993.1,
  author = {Heston, Steven},
  title = {{A} {C}losed-{F}orm {S}olution for {O}ptions with {S}tochastic {V}olatility
	with {A}pplications to {B}ond and {C}urrency {O}ptions},
  journal = {Review of Financial Studies},
  year = {1993},
  pages = {327--343},
  number = {6},
  month = {September}
}

@ARTICLE{HOL.1986.1,
  author = {Ho, T. S. Y. and Lee, S.-B.},
  title = {Term structure movements and pricing of interest rate contingent
	claims},
  journal = {Journal of Finance},
  year = {1986},
  volume = {41},
  pages = {1011--1029}
}

@ARTICLE{HUW.1998.1,
  author = {Hull, John and White, A.},
  title = {Incorporating volatility updating into the historical simulation
	method for value at risk},
  journal = JoR,
  year = {1998},
  volume = {1},
  number = {1}
}

@INBOOK{HUW.1996.2,
  chapter = {Bond option pricing},
  pages = {247--258},
  title = {Hull-White on derivatives},
  publisher = {Risk publications},
  year = {1996},
  author = {Hull, John and White, Alan}
}

@ARTICLE{HUW.1990.1,
  author = {Hull, John and White, Alan},
  title = {Pricing interest rate derivatives securities},
  journal = {The Review of Financial Studies},
  year = {1990},
  volume = {3},
  pages = {573--592}
}

@BOOK{HUL.2006.1,
  title = {Options, futures, and other derivatives},
  publisher = {Prentice Hall},
  year = {2006},
  author = {Hull, John C.},
  edition = {Sixth}
}

@BOOK{HUL.2000.1,
  title = {Options, futures, and other derivatives},
  publisher = {Prentice Hall},
  year = {2000},
  author = {Hull, John C.},
  edition = {Fourth}
}

@BOOK{HUL.1997.1,
  title = {Options, futures, and other derivatives},
  publisher = {Prentice Hall},
  year = {1997},
  author = {Hull, John C.},
  edition = {Third}
}

@BOOK{HUW.1996.1,
  title = {{H}ull-{W}hite on derivatives},
  publisher = {Risk publications},
  year = {1996},
  author = {Hull, John C. and White, Alan}
}

@BOOK{HUK.2004.1,
  title = {Financial Derivatives in Theory and Practice},
  publisher = {Wiley},
  year = {2004},
  author = {Hunt, P. J. and Kennedy, J. E.},
  series = {Wiley series in probability and statistics},
  edition = {Second},
  isbn = {0-470-86359-5}
}

@BOOK{HUK.2000.1,
  title = {Financial Derivatives in Theory and Practice},
  publisher = {Wiley},
  year = {2000},
  author = {Hunt, P. J. and Kennedy, J. E.},
  series = {Wiley series in probability and statistics}
}

@ARTICLE{HJJ.2001.1,
  author = {Hunter, C.J. and J\"ackel, P. and Joshi, M.S.},
  title = {Getting the drift},
  journal = RM,
  year = {2001},
  month = {July}
}

@ARTICLE{JAK.2005.1,
  author = {J\"ackel, Petter and Kawai, Atsushi},
  title = {The future is convex},
  journal = WM,
  year = {2005},
  pages = {1--13},
  month = {February}
}

@ARTICLE{JAM.1997.1,
  author = {Jamshidian, F.},
  title = {Libor and swap market models and measures},
  journal = {Finance and Stochastics},
  year = {1997},
  volume = {1},
  pages = {295--330}
}

@ARTICLE{JAM.1989.1,
  author = {Jamshidian, Farshid},
  title = {An exact bond option formula},
  journal = {The journal of Finance},
  year = {1989},
  volume = {{XLIV}},
  pages = {205--209},
  number = {1},
  month = {march}
}

@ARTICLE{JAY.2003.1,
  author = {Jarrow, Robert and Yildirim, Yildiray},
  title = {Pricing {T}reasury {I}nflation {P}rotected {S}ecurities and Related
	Derivatives using an HJM Model },
  journal = {Journal of Financial and Quantitative Analysis},
  year = {2003},
  volume = {38},
  pages = {337--359},
  number = {2}
}

@BOOK{JEA.2003.1,
  title = {Financial Markets in Continuous Time},
  publisher = {Springer Finance},
  year = {2003},
  author = {Jeanblanc, Monique},
  isbn = {978-3-540-71149-0}
}

@BOOK{JOR.1997.1,
  title = {{V}alue at {R}isk},
  publisher = {McGraw-Hill},
  year = {1997},
  author = {Jorion, Philippe},
  isbn = {0-7863-0848-6}
}

@ARTICLE{JOR.2003.1,
  author = {Joshi, M. and Rebonato, R.},
  title = {A stochastic-volatility, displaced-diffusion extension of the {LIBOR}
	market model},
  journal = {Quantitative Finance},
  year = {2003},
  volume = {3},
  pages = {458--469}
}

@TECHREPORT{JOS.2006.1,
  author = {Joshi, Mark and Stacey, Alan},
  title = {New and robust drift approximation for the {L}ibor {M}arket {M}odel},
  institution = {SSRN},
  year = {2006},
  type = {Working Paper},
  number = {907385},
  month = {February}
}

@TECHREPORT{JPM.2007.1,
  author = {JPMorgan},
  title = {{B}arrier {O}ptions: {P}roduct {N}ote},
  institution = {JP Morgan Securities Ltd},
  year = {2007},
  month = {April}
}

@ARTICLE{JUP.1998.1,
  author = {Ju, Xiongwei and Pearson, Neil},
  title = {Using value at risk to control risk taking: how wrong can you be?},
  journal = JoR,
  year = {1999},
  volume = {1},
  pages = {5-36},
  number = {2}
}

@TECHREPORT{KEN.2010.1,
  author = {Kennedy, Gary J},
  title = {Swap Futures in HJM One-Factor Model},
  institution = {SSRN},
  year = {2010},
  type = {Working Paper Series},
  number = {1648419},
  note = {Available at : http://ssrn.com/abstract=1648419},
  owner = {marc},
  timestamp = {2010.11.13}
}

@ARTICLE{KTW.2009.1,
  author = {Kijima, Masaaki and Tanaka, Keiichi and Wong, Tony},
  title = {A multi-quality model of interest rates},
  journal = {Quantitative Finance},
  year = {2009},
  pages = {133--145},
  month = {March}
}

@TECHREPORT{KIM.2009.1,
  author = {Kim, Yong O.},
  title = {On pricing of {E}uropean swaptions in {H}ull-{W}hite interest rate
	model},
  institution = {Key Bank},
  year = {2009}
}

@ARTICLE{KIN.1997.1,
  author = {Kirikos, George and Novak, David},
  title = {Convexity conundrums},
  journal = {Risk},
  year = {1997},
  pages = {60--61},
  month = {March}
}

@BOOK{KLP.1995.1,
  title = {Numerical Solution of Stochastic Differential Equations},
  publisher = {Spinger},
  year = {1995},
  author = {Kl\"oden, P.E. and Platen, E.},
  address = {Berlin, Heidelberg, New-York}
}

@BOOK{KWO.1998.1,
  title = {Mathematical Models of Financial Derivatives},
  publisher = {Springer},
  year = {1998},
  author = {Y. K. Kwok}
}

@BOOK{LAL.2000.1,
  title = {Introduction to stochastic calculus applied to finance},
  publisher = {Capman \& Hall / CRC},
  year = {2000},
  author = {Lamberton, Damien and Lapeyre, Bernard}
}

@BOOK{LAL.1997.1,
  title = {Introduction au calcul stochastique appliqu\'e \`a la finance},
  publisher = {Ellipses},
  year = {1997},
  author = {Lamberton, Damien and Lapeyre, Bernard},
  isbn = {2-7298-4782-0}
}

@TECHREPORT{LAW.2008.1,
  author = {Lawson, G.},
  title = {Stochastic {V}olatility {I}nspired {P}arameterization of the {L}ocal
	{V}olatility {M}odel},
  institution = {Barrie Hibbert},
  year = {2008},
  month = {December}
}

@ARTICLE{LEK.2000.1,
  author = {Lekkos, I.},
  title = {A critique of factor analysis of interest rate},
  journal = {Journal of Derivatives},
  year = {2000},
  volume = {8},
  pages = {72--82},
  number = {1}
}

@ARTICLE{LCC.1999.1,
  author = {Lin, Bing-Huei and Chen, Ren-Raw and Chou, Jian-Hsin},
  title = {Pricing the quality option in Japanese government bond futures},
  journal = {Applied Financial Economics},
  year = {1999},
  volume = {9},
  pages = {51--65}
}

@ARTICLE{LSS.2001.1,
  author = {Longstaff, Francis A. and Santa-Clara, Pedro and Schwartz, Eduardo
	S.},
  title = {Throwing away a billion dollars: the cost of suboptimal exercise
	strategies in the swaptions market},
  journal = {Journal of Financial Economics},
  year = {2001},
  volume = {?},
  pages = {??--??},
  number = {?}
}

@ARTICLE{LOS.2001.1,
  author = {Longstaff, Francis A. and Schwartz, Eduardo S.},
  title = {Valuing American options by simulation: a simple least-squares approach},
  journal = {The review of Financial Studies },
  year = {2001},
  volume = {14},
  pages = {113--147},
  number = {1}
}

@UNPUBLISHED{LOE.1999.1,
  author = {Loretan, Mico and English, William B.},
  title = {Evaluating ``Correlation Breakdowns'' During Period of Market Volatity},
  note = {Prepared for the Central Bank Economists' Autumn Meeting},
  month = {October},
  year = {1999}
}

@TECHREPORT{LUK.2008.1,
  author = {Lutz, Matthias and Kiesel, R\"udiger},
  title = {Efficient pricing of {CMS} spread options in a stochastic volatility
	{LMM}},
  institution = {SSRN},
  year = {2008},
  type = {Working Paper},
  number = {1418571},
  note = {Available at http://ssrn.com/abstract=1418571}
}

@TECHREPORT{MAE.2004.1,
  author = {Maeda, Nobuo},
  title = {Applying the rational lognormal model to deriving closed formulae
	of interest rate derivatives},
  institution = {University of Tsukuba},
  year = {2004}
}

@BOOK{MAW.1997.1,
  title = {Analyse: Fondements, Techniques, Evolution},
  publisher = {De Boek},
  year = {1997},
  author = {Mawhin, Jean}
}

@TECHREPORT{MCN.1999.1,
  author = {McNeil, Alexander J.},
  title = {Extreme value theory for risk managers},
  institution = {ETH Zurich},
  year = {1999}
}

@TECHREPORT{MER.2009.1,
  author = {Mercurio, Fabio},
  title = {Interest rates and the credit crunch: new formulas and market models},
  institution = {QFR, Bloomberg},
  year = {2009}
}

@ARTICLE{MER.2008.1,
  author = {Mercurio, Fabio},
  title = {Cash-settled swaptions and no-arbitrage},
  journal = RM,
  year = {2008},
  volume = {21},
  pages = {96-98},
  number = {2},
  month = {February}
}

@TECHREPORT{MER.2007.1,
  author = {Mercurio, Fabio},
  title = {No-arbitrage conditions for cash-settled swaptions},
  institution = {Banca {IMI}},
  year = {2007}
}

@ARTICLE{MER.2005.1,
  author = {Mercurio, Fabio},
  title = {Pricing inflation-indexed securities},
  journal = {Quantitative Finance},
  year = {2005},
  volume = {5},
  pages = {289--302},
  number = {3}
}

@TECHREPORT{MER.2005.1-WP,
  author = {Mercurio, Fabio},
  title = {Pricing inflation-indexed securities},
  institution = {Banca IMI},
  year = {2005}
}

@TECHREPORT{MEP.2005.1,
  author = {Mercurio, Fabio and Pallavicini, Andrea},
  title = {Swaption skews and convexity adjustments},
  institution = {Banca {IMI}},
  year = {2005}
}

@ARTICLE{MSS.1997.1,
  author = {Miltersen, K. and Sandmann, K. and Sondermann, D.},
  title = {Closed form solution for term structure derivatives with lognormal
	interest rates},
  journal = {Journal of Finance},
  year = {1997},
  volume = {52},
  pages = {409--430},
  number = {1}
}

@TECHREPORT{MIN.1999.1,
  author = {Mina, Jorge},
  title = {Improved Cash-Flow Map},
  institution = {RiskMetrics Group},
  year = {1999},
  type = {Working paper},
  month = {April},
  url = {http://www.riskmetrics.com/research/working/}
}

@BOOK{RMG.2001.1,
  title = {Return to RiskMetrics: The Evolution of a Standard},
  publisher = {RiskMetrics},
  year = {2001},
  author = {Mina, Jorge and Yi Xiao, Jerry}
}

@BOOK{MIN.????.1,
  title = {{M}anagers, not {MBA}s},
  publisher = {FT Prentice Hall},
  year = {????},
  author = {Mintzberg, Henry}
}

@ARTICLE{MIY.1998.1,
  author = {Miyazaki, K. and Yoshida, T.},
  title = {Valuation model of yield-spread options in the {HJM} framework},
  journal = {The journal of Financial Engineering},
  year = {1998},
  volume = {7},
  pages = {89--107},
  number = {2}
}

@TECHREPORT{MOR.2009.1,
  author = {Morini, M.},
  title = {Credit modelling after the subprime crisis},
  institution = {???},
  year = {2009},
  type = {Working paper}
}

@TECHREPORT{MOR.2009.2,
  author = {Morini, Massimo},
  title = {Solving the puzzle in the interest rate market},
  institution = {IMI Bank Intesa San Paolo},
  year = {2009},
  type = {Working paper},
  note = {Available at SSRN: http://ssrn.com/abstract=1506046}
}

@TECHREPORT{MUR.2010.1,
  author = {Murex},
  title = {Cross sensitivites computation in multi-curve environment / {DEXIA}},
  institution = {Murex S.A.},
  year = {2010},
  type = {Documentation},
  month = {April}
}

@BOOK{MUR.2005.1,
  title = {Martingale Methods in Financial Modelling},
  publisher = {Springer},
  year = {2005},
  author = {Musiela, Marek and Rutkowski, Marek},
  volume = {36},
  edition = {second},
  isbn = {3540209662}
}

@BOOK{MUR.1997.1,
  title = {Martingale Methods in Financial Modelling},
  publisher = {Springer},
  year = {1997},
  author = {Musiela, Marek and Rutkowski, Marek},
  volume = {36},
  series = {Application of Mathematics: Stochastic Modelling and Applied Probability}
}

@BOOK{NIE.1999.1,
  title = {Pricing and hedging of derivative securities},
  publisher = {Oxford University Press},
  year = {1999},
  author = {Nielsen, Lars Tyge}
}

@ARTICLE{NUD.2007.1,
  author = {Nunes, Joao and de Oliveira, Luis},
  title = {Quasi-analytical multi-factor valuation of treasury bond futures
	with and embedded quality option},
  journal = {The Journal of Futures Market},
  year = {2007},
  volume = {27},
  pages = {275--303},
  number = {3}
}

@TECHREPORT{NUD.2003.1,
  author = {Nunes, Joao and de Oliveira, Luis},
  title = {Quasi-analytical multi-factor valuation of treasury bond futures
	with and embedded quality option},
  institution = {EFA 2004 Maastricht Meeting},
  year = {2004},
  number = {2493}
}

@TECHREPORT{OG.2011.1,
  author = {{OpenGamma Research}},
  title = {Replication pricing for linear and {TEC} format {CMS}},
  institution = {OpenGamma},
  year = {2011},
  type = {Analytics documentation},
  month = {April},
  owner = {marc},
  timestamp = {2011.04.27}
}

@TECHREPORT{OG.2011.2,
  author = {{OpenGamma Research}},
  title = {Smile extrapolation},
  institution = {OpenGamma},
  year = {2011},
  type = {Analytics documentation},
  month = {April},
  owner = {marc},
  timestamp = {2011.04.27}
}

@BOOK{PEA.2002.1,
  title = {Risk Budgeting: Portfolio Problem Solving with {V}a{R}},
  publisher = {Wiley},
  year = {2002},
  author = {Pearson, Neil D.}
}

@ARTICLE{PEL.2003.1,
  author = {Pelsser, Antoon},
  title = {Mathematical Foundation of Convexity Correction},
  journal = {Quantitative Finance},
  year = {2003},
  volume = {3},
  pages = {59--65},
  number = {1}
}

@ARTICLE{PPV.2004.1,
  author = {Pelsser, A. and Pietersz, R. and van Regenmortel, M},
  title = {Fast drift-approximated pricing in {BGM} model},
  journal = {Journal of Computational Finance},
  year = {2004},
  volume = {8},
  pages = {93--124},
  number = {1}
}

@ARTICLE{PEV.1994.1,
  author = {Pelsser, Antoon and Vorst, Ton},
  title = {The binomial model and the greeks},
  journal = {The Journal of Derivatives},
  year = {1994},
  volume = {Spring},
  pages = {45--49}
}

@TECHREPORT{PIP.2003.1,
  author = {Pietersz, Raoul and Pelsser, Antoon A.J.},
  title = {Risk Managing {B}ermudan Swaptions in the {L}bor {BGM} Model},
  institution = {SSRN},
  year = {2003},
  type = {Working Paper},
  number = {383580}
}

@ARTICLE{PIT.2006.1,
  author = {Piterbarg, Vladimir},
  title = {Smiling hybrids},
  journal = RM,
  year = {2006},
  volume = {19},
  pages = {66--71},
  number = {5}
}

@ARTICLE{PIT.2005.1,
  author = {Piterbarg, Vladimir},
  title = {A stochastic volatility forward {LIBOR} model with a term structure
	of volatility smiles},
  journal = {Applied Mathematical Finance},
  year = {2005},
  volume = {12},
  pages = {147--185},
  number = {2}
}

@TECHREPORT{PIT.2005.1-WP,
  author = {Piterbarg, Vladimir},
  title = {A stochastic volatility forward {LIBOR} model with a term structure
	of volatility smiles},
  institution = {SSRN},
  year = {2003},
  type = {Working Paper},
  number = {472061},
  month = {October},
  note = {Available at http://ssrn.com/abstract=472061}
}

@TECHREPORT{PIT.2002.1,
  author = {Piterbarg, Vladimir},
  title = {Risk Sensitivities of Bermuda Swaptions},
  institution = {SSRN},
  year = {2002},
  type = {Bank of America Working Paper},
  number = {367920},
  month = {November},
  note = {Available at SSRN: http://ssrn.com/abstract=367920}
}

@TECHREPORT{PIR.2004.1,
  author = {Piterbarg, Vladimir and Renedo, Marco},
  title = {Eurodollar futures convexity adjustments in stochastic volatility
	models},
  institution = {SSRN},
  year = {2004},
  type = {Working Paper},
  number = {610223},
  month = {February},
  note = {Available at SSRN: http://ssrn.com/abstract=610223}
}

@BOOK{REB.2004.1,
  title = {Volatility and Correlation},
  publisher = {John Wiley \& Sons},
  year = {2004},
  author = {Rebonato, Riccardo},
  edition = {2nd}
}

@BOOK{REB.2002.1,
  title = {Modern pricing of interest-rate derivatives: the {LIBOR} {M}arket
	{M}odel and Beyond},
  publisher = {Princeton University Press},
  year = {2002},
  author = {Rebonato, Riccardo},
  address = {Princeton and Oxford}
}

@BOOK{RMW.2009.1,
  title = {The {SABR} {L}ibor {M}arket {M}odel},
  publisher = {Wiley},
  year = {2009},
  author = {Rebonato, Riccardo and Mckay, Kenneth and White, Richard}
}

@ARTICLE{REN.2004.1,
  author = {Rendleman, Richard},
  title = {Delivery options in the pricing and hedging of treasury bond and
	note futures},
  journal = {Journal of Fixed Income},
  year = {2004},
  pages = {20--31},
  month = {September}
}

@ARTICLE{RIS.1995.1,
  author = {Ritchken, P. and Sankarasubramanian, L.},
  title = {Volatility structures of forward rates and the dynamics of the term
	structures},
  journal = {Mathematical Finance},
  year = {1995},
  volume = {5},
  pages = {55-72}
}

@TECHREPORT{SCH.1996.1,
  author = {Schaller, P.},
  title = {On cash-flow mapping in {V}a{R} estimation},
  institution = {Credietanstalt-Bankverein},
  year = {1996},
  note = {CA-RISC-19960227}
}

@ARTICLE{SCP.2006.1,
  author = {Schrager, David F. and Pelsser, Antoon A. J.},
  title = {Pricing Swaptions and coupon bond options in affine term strucutre
	models},
  journal = {Mathematical Finance},
  year = {2006},
  volume = {16},
  pages = {673--694},
  number = {4}
}

@UNPUBLISHED{SEP.2007.1,
  author = {Sepp, A.},
  title = {Using {S}{A}{B}{R} {M}odel to {P}roduce {S}mooth {L}ocal {V}olatility
	{S}urfaces},
  note = {Available at \url{http://math.ut.ee/~spartak/papers/sabr.pdf}},
  month = {July},
  year = {2007}
}

@MANUAL{SFE.2005.1,
  title = {A guide to the pricing convention of {SFE} interest rate products},
  author = {SFE},
  organization = {Sydney Futures Exchange},
  address = {Sydney},
  month = {December},
  year = {2005}
}

@MANUAL{SFE.2005.2,
  title = {3 and 10 Year {A}ustralian {T}reasury Bond Futures and Options},
  author = {SFE},
  organization = {Sydney Futures Exchange},
  address = {Sydney},
  year = {2005}
}

@BOOK{SHR.2004.1,
  title = {Stochastic calculus for finance II: Continuous-Time Models},
  publisher = {Springer},
  year = {2004},
  author = {Shreve, Steven E.},
  isbn = {0-387-40101-6}
}

@ARTICLE{SVE.2005.1,
  author = {Svenstrup, Mikkel},
  title = {On the suboptimality of single-factor exercise strategies for Bermudan
	swaptions},
  journal = {Journal of Financial Economics},
  year = {2005},
  volume = {??},
  pages = {??-??}
}

@UNPUBLISHED{TPD.2006.1,
  author = {{Treasury Public Debt}},
  title = {Monthly Statement of the Public Debt of {U}nited {S}tates},
  note = {31 January},
  year = {2006}
}

@TECHREPORT{VIV.2001.1,
  author = {Viera, C. A and Valls Pereira, P. L.},
  title = {Closed form formula for the price of options on the one day {B}razilian
	{I}nterfinancial {D}eposit {I}ndex - {IDI}},
  institution = {IBMEC Business School},
  year = {2001},
  type = {Working Paper}
}

@UNPUBLISHED{VOG.2007.1,
  author = {Vogt, A.},
  title = {Fitting {G}atheral's {S}{V}{I} {A}pproximation for {O}ne {E}xpiry},
  note = {Available at \url{http://www.nuclearphynance.com/User\%20Files/66/GatheralSmile_estimation_for_one_expiry_NP.pdf}},
  month = {September},
  year = {2007}
}

@ARTICLE{WUC.2009.1,
  author = {Wu, Ting-Pu and Chen, Son-Nan},
  title = {Valuation of Interest Rate spread options in a multifactor {LIBOR}
	market model},
  journal = {The Journal of Derivatives},
  year = {2009},
  volume = {??},
  pages = {38-52}
}

@TECHREPORT{ZUH.2002.1,
  author = {Z\"uhlsdorff, Christian},
  title = {Extended {L}ibor {M}arket models with affine and quadratic volatility},
  institution = {Bonn Univesity},
  year = {2002}
}

@PROCEEDINGS{GRA.2010.1,
  title = {{P}ricing and {R}isk {M}anaging {A}utocalls},
  year = {2010},
  editor = {Grandchamp, Nicolas},
  publisher = {{G}lobal {D}erivatives},
  month = {{M}ay},
  organization = {HSBC}
}

@UNPUBLISHED{RMG.1999.1,
  title = {Standard datasets of the {R}isk{M}etrics {G}roup.},
  year = {1999},
  key = {RiskMetrics Group},
  url = {http://www.riskmetric.com/rm/standard/index.cgi}
}

@MANUAL{RMG.1996.1,
  title = {{R}isk{M}etrics Technical Document},
  organization = {Morgan Garanty Trust Company},
  edition = {4th},
  year = {1996},
  url = {http://www.riskmetric.com/research/techdocs/index.cgi}
}

